<record><leader>00000cas a22000007a 4500</leader><controlfield tag="001">35641975</controlfield><controlfield tag="008">960926d19791984cauwr ne      0    0eng d</controlfield><datafield ind1=" " ind2=" " tag="010"><subfield code="a">sn 96061140 </subfield></datafield><datafield ind1=" " ind2=" " tag="040"><subfield code="a">CNK</subfield><subfield code="b">eng</subfield><subfield code="c">CNK</subfield><subfield code="d">OCLCQ</subfield><subfield code="d">OCLCF</subfield><subfield code="d">OCLCO</subfield></datafield><datafield ind1="1" ind2=" " tag="029"><subfield code="a">AU@</subfield><subfield code="b">000024819791</subfield></datafield><datafield ind1=" " ind2=" " tag="042"><subfield code="a">msc</subfield></datafield><datafield ind1=" " ind2=" " tag="043"><subfield code="a">n-us-ca</subfield></datafield><datafield ind1="0" ind2=" " tag="130"><subfield code="a">Anderson Valley advertiser (Boonville, Calif. : 1979)</subfield></datafield><datafield ind1="1" ind2="0" tag="245"><subfield code="a">Anderson Valley advertiser.</subfield></datafield><datafield ind1=" " ind2=" " tag="260"><subfield code="a">Boonville, CA :</subfield><subfield code="b">Ward C. Sharrer</subfield></datafield><datafield ind1=" " ind2=" " tag="300"><subfield code="a">v.</subfield></datafield><datafield ind1=" " ind2=" " tag="310"><subfield code="a">Weekly</subfield></datafield><datafield ind1="0" ind2=" " tag="362"><subfield code="a">Vol. 23, no. 19 (May 9, 1979)-v. 28, no. 13 (Mar. 28, 1984).</subfield></datafield><datafield ind1=" " ind2="0" tag="651"><subfield code="a">Anderson Valley (Calif.)</subfield><subfield code="v">Newspapers.</subfield></datafield><datafield ind1=" " ind2="7" tag="655"><subfield code="a">Newspapers.</subfield><subfield code="2">fast</subfield><subfield code="0">(OCoLC)fst01423814</subfield></datafield><datafield ind1=" " ind2="7" tag="651"><subfield code="a">California</subfield><subfield code="z">Anderson Valley.</subfield><subfield code="2">fast</subfield><subfield code="0">(OCoLC)fst01260935</subfield></datafield><datafield ind1=" " ind2=" " tag="752"><subfield code="a">United States</subfield><subfield code="b">California</subfield><subfield code="c">Mendocino</subfield><subfield code="d">Boonville.</subfield></datafield><datafield ind1="0" ind2="0" tag="780"><subfield code="t">Anderson Valley advertiser, the Boontling Greeley sheet (Boonville, Calif. : 1979)</subfield><subfield code="w">(DLC)sn 96061139</subfield></datafield><datafield ind1="0" ind2="0" tag="785"><subfield code="t">Anderson Valley advertiser, the Boontling Greeley sheet (Boonville, Calif. : 1984)</subfield><subfield code="w">(DLC)sn 96061141</subfield></datafield></record>